% This file was created with JabRef 2.3.1.
% Encoding: Cp1252

@STRING{aamp = {Advances in Atomic and Molecular Physics }}

@STRING{ao = {Appl. Opt. }}

@STRING{apb = {Appl. Phys. B }}

@STRING{apl = {Appl. Phys. Lett. }}

@STRING{el = {Electron. Lett. }}

@STRING{epl = {Europhys. Lett. }}

@STRING{hpa = {Helv. Phys. Acta }}

@STRING{ieeejqe = {IEEE J. Quantum Electron. }}

@STRING{japl = {J. Appl. Phys. }}

@STRING{josaa = {J. Opt. Soc. Am. A }}

@STRING{josab = {J. Opt. Soc. Am. B }}

@STRING{nature = {Nature (London) }}

@STRING{oc = {Opt. Commun. }}

@STRING{ol = {Opt. Lett. }}

@STRING{pieee = {Proc. IEEE }}

@STRING{pr = {Phys. Rev. }}

@STRING{pra = {Phys. Rev. A }}

@STRING{prb = {Phys. Rev. B }}

@STRING{prd = {Phys. Rev. D }}

@STRING{prl = {Phys. Rev. Lett. }}

@STRING{prsl = {Proc. R. Soc. London }}

@STRING{pt = {Phys. Today }}

@STRING{rmp = {Rev. Mod. Phys. }}

@STRING{sa = {Sci. Am. }}

@STRING{spjetp = {Sov. Phys. JETP }}

@STRING{zetf = {Zh. Eksp. Teor. Fiz. }}

@ARTICLE{ABRIKOSOV,
  author = {A.A.~Abrikosov},
  journal = {Sov. Phys. JETP},
  year = {1957},
  volume = {5},
  pages = {1174}
}

@ARTICLE{AGARWAL,
  author = {G.S.~Agarwal},
  journal = {Phys. Rev. A},
  year = {1974},
  volume = {11},
  pages = {230}
}

@ARTICLE{TR_CORNELLBEC95,
  author = {M. H. Anderson and J. R. Ensher and M. R. Matthews and C. E. Wieman
	and E. A. Cornell},
  title = {Observation of Bose-Einstein condensation in a dilute atomic vapor},
  journal = {Science},
  year = {1995},
  volume = {269},
  pages = {198},
  comment = {not on line},
  owner = {nous},
  timestamp = {2008.04.29}
}

@ARTICLE{QI_DEMILLEZOLLERPOLARMOLECULES,
  author = {A. Andr{\'e} and D. DeMille and J. M. Doyle and M. D. Lukin and S.
	E. Maxwell and P. Rabl and R. J. Schoelkopf and P. Zoller},
  title = {A coherent all-electrical interface between polar molecules and mesoscopic
	superconducting resonators},
  journal = {Nature Physics},
  year = {2006},
  volume = {98},
  pages = {636},
  owner = {nous},
  timestamp = {2008.05.23}
}

@ARTICLE{AUBIN_2006,
  author = {S.~Aubin and S.~Myrskog and M.H.T.~Extavour and L.J.~Leblanc and
	D.~McKay and A.~Stummer and J.H.~Thywissen},
  journal = {Nat. Phys.},
  year = {2006},
  volume = {2},
  pages = {384-387}
}

@PHDTHESIS{Aussibal,
  author = {Ch.~Aussibal},
  title = {R{\'e}alisation d'un Condensat de Bose-Einstein sur une microstructure},
  school = {Universit{\'e} Paris XI},
  year = {2003},
  type = {Th{\`e}se de doctorat}
}

@ARTICLE{BCS,
  author = {J.~Bardeen and L.N.~Cooper and J.R.~Schrieffer},
  journal = {Phys. Rev.},
  year = {1957},
  volume = {108},
  pages = {1175}
}

@ARTICLE{BARDEENSTEPHEN,
  author = {Bardeen, John and Stephen, M. J.},
  title = {Theory of the Motion of Vortices in Superconductors},
  journal = {Phys. Rev.},
  year = {1965},
  volume = {140},
  pages = {A1197--A1207},
  number = {4A},
  month = {Nov},
  doi = {10.1103/PhysRev.140.A1197},
  numpages = {10},
  publisher = {American Physical Society}
}

@ARTICLE{BOGOLUBOV_1959,
  author = {N.N.~Bogolubov},
  journal = {Usp. Fiz. Nauk.},
  year = {1959},
  volume = {67},
  pages = {549}
}

@ARTICLE{BOGOLUBOV_1958,
  author = {N.N.~Bogolubov},
  journal = {Nuovo Cimento},
  year = {1958},
  volume = {7},
  pages = {794}
}

@INCOLLECTION{Born_Wolf,
  author = {M.~Born and E.~Wolf},
  title = {Principles of Optics-6th (corrected) Edition},
  publisher = {Pergamon Press},
  year = {1991}
}

@ARTICLE{ESSLINGER,
  author = {F.~Brennecke and T.~Donner and S.~Ritter and T.~Bourdel and M.~Kohl
	and T.~Esslinger},
  title = {Cavity QED with a Bose-Einstein condensate},
  journal = {Nature},
  year = {2007},
  volume = {450},
  pages = {268},
  owner = {nous},
  timestamp = {2008.05.28}
}

@ARTICLE{CAMPBELL,
  author = {A.M.~Campbell},
  journal = {Journ. Phys. C},
  year = {1969},
  volume = {2},
  pages = {1492}
}

@ARTICLE{CASALBUONI,
  author = {S.~Casalbuoni and E.A.~Knabbe and J.~Katzler and L.~Lilje and L.~von~Sawilski
	and P.~Schmuser and B.~ Steffen},
  journal = {Nucl. Instrum. Methods Phys. Res. A},
  year = {2005},
  volume = {538},
  pages = {45}
}

@ARTICLE{CASSETTARI_2000,
  author = {D.~Cassettari and B.~Hessmo and R.~Folman and T.~Maier and J.~Schmiedmayer},
  journal = {Phys. Rev. Lett.},
  year = {2000},
  volume = {85},
  pages = {5483-5487}
}

@ARTICLE{TR_CASTINDUMEXPANSION96,
  author = {Y. Castin and R. Dum},
  title = {Bose-Einstein Condensates in Time Dependent Traps},
  journal = {Phys. Rev. Lett.},
  year = {1996},
  volume = {77},
  pages = {5315},
  number = {27},
  month = {Dec},
  doi = {10.1103/PhysRevLett.77.5315},
  numpages = {4},
  owner = {nous},
  publisher = {American Physical Society},
  timestamp = {2008.04.14}
}

@BOOK{CHEW,
  title = {Waves and fields in inhomogeneous media},
  publisher = {IEEE Press, New York},
  year = {1995},
  author = {W.C.~Chew},
  owner = {nous},
  timestamp = {2008.05.13}
}

@ARTICLE{CHU_1985,
  author = {S.~Chu and L.~Hollberg and J.E.~Bjorkholm and A.~Cable and A.~Ashkin},
  journal = {Phys. Rev. Lett.},
  year = {1985},
  volume = {55},
  pages = {48}
}

@INCOLLECTION{Cohen_CdF,
  author = {C.~Cohen-Tannoudji},
  title = {Cours du coll{\`e}ge de France},
  year = {1973-2004}
}

@INCOLLECTION{Cohen96,
  author = {C.~Cohen-Tannoudji},
  booktitle = {Cours du coll{\`e}ge de France},
  year = {1996}
}

@BOOK{TXT_COHEN1FR,
  title = {M{\'e}canique Quantique},
  publisher = {Hermann},
  year = {1977},
  author = {C. Cohen-Tannoudji and B. Diu and F. Lalo{\"e}},
  volume = {1},
  address = {Paris, France},
  comment = {Cohen classic 1},
  owner = {nous},
  timestamp = {2008.05.20}
}

@BOOK{TXT_COHEN2FR,
  title = {M{\'e}canique Quantique},
  publisher = {Hermann},
  year = {1977},
  author = {C. Cohen-Tannoudji and B. Diu and F. Lalo{\"e}},
  volume = {2},
  address = {Paris, France},
  comment = {Cohen classic 2},
  owner = {nous},
  timestamp = {2008.05.20}
}

@BOOK{TXT_COHENNT1FR,
  title = {Introduction {\`a} L'{\'e}lectrodynamique Quantique},
  publisher = {InterEditions},
  year = {1988},
  author = {C. Cohen-Tannoudji and J. Dupont-Roc and G. Grynberg},
  address = {Paris, France},
  comment = {Cohen new testament tome 1 in french},
  owner = {nous},
  timestamp = {2008.04.30}
}

@ARTICLE{REICHEL_2007,
  author = {Y.~Colombe and T.~Steinmetz and G.~Dubois and F.~Linke and D.~Hunger
	and J.~Reichel},
  journal = {Nature},
  year = {2007},
  volume = {450},
  pages = {272}
}

@ARTICLE{COOPER,
  author = {L.N.~Cooper},
  journal = {Phys. Rev.},
  year = {1956},
  volume = {104},
  pages = {1189}
}

@INCOLLECTION{OORT,
  author = {E.A.~Cornell and J.R.~Ensher and C.E.~Wieman},
  title = {Bose-Einstein Condensation in Atomic Gases},
  booktitle = {Proceeding of the International School of Physics ``Enrico Fermi'',
	Course CXL},
  publisher = {IOS Press},
  year = {1999},
  pages = {53-55},
  address = {Amsterdam}
}

@ARTICLE{CORNELL,
  author = {E.A.~Cornell and C.E.~Wieman},
  journal = {Rev. Mod. Phys.},
  year = {2002},
  volume = {74},
  pages = {875-893}
}

@INCOLLECTION{Dalibard,
  author = {J.~Dalibard},
  title = {Atomes ultra-froids - Cours du M2 de Physique Quantique Paris VI},
  year = {2006}
}

@ARTICLE{DEKKER_2000,
  author = {N.H.~Dekker and C.S.~Lee and V.~Lorent and J.H.~Thywissen and S.P.~Smith
	and M.~Drndic and R.M.~Westervelt and M.~Prentiss},
  journal = {Phys. Rev. Lett.},
  year = {2000},
  volume = {84},
  pages = {1124-1127}
}

@ARTICLE{DENSCHLAG,
  author = {J.~Denschlag and D.~Cassettari and J.~Schmiedmayer},
  journal = {Phys. Rev. Lett.},
  year = {1999},
  volume = {82},
  pages = {2014-2017}
}

@ARTICLE{TR_FOLMANCOLDMETALNOISE05,
  author = {V. Dikovsky and Y. Japha and C. Henkel and R. Folman},
  title = {Reduction of magnetic noise in atom chips by material optimization},
  journal = {Eur. Phys. J D},
  year = {2005},
  volume = {35},
  pages = {87-95},
  number = {1},
  comment = {\Run{AcroRd32 .\tr\TR_FOLMANCOLDMETALNOISE05.PDF}[PDF]},
  owner = {nous},
  publisher = {Springer},
  timestamp = {2008.05.13}
}

@ARTICLE{DRNDIC_1998,
  author = {M.~Drndi{\'c} and K.S.~Johnson and J.H.~Thywissen and M.~Prentiss
	and R.M.~Westervelt},
  journal = {Appl. Phys. Lett.},
  year = {1998},
  volume = {72},
  pages = {2906}
}

@ARTICLE{REICHELPORTABLE,
  author = {Du, Shengwang and Squires, Matthew B. and Imai, Yutaka and Czaia,
	Leslie and Saravanan, R. A. and Bright, Victor and Reichel, Jakob
	and H\"ansch, T. W. and Anderson, Dana Z.},
  title = {Atom-chip Bose-Einstein condensation in a portable vacuum cell},
  journal = {Phys. Rev. A},
  year = {2004},
  volume = {70},
  pages = {053606},
  number = {5},
  month = {Nov},
  doi = {10.1103/PhysRevA.70.053606},
  numpages = {4},
  publisher = {American Physical Society}
}

@ARTICLE{DOYLE_2002,
  author = {D.~Egorov and T.~Lahaye and W.~Sch√∂llkopf and B.~Friedrich and J.M.~Doyle},
  journal = {Phys. Rev. A},
  year = {2002},
  volume = {66},
  pages = {043401}
}

@ARTICLE{QM_EINSTEINBEC24,
  author = {A. Einstein},
  title = {Quantentheorie des {E}inatomigen idealen {G}ases},
  journal = {Kgl. Preuss. Akad. Wiss.},
  year = {1924},
  pages = {261},
  comment = {a paper about BEC},
  owner = {nous},
  timestamp = {2008.05.28}
}

@ARTICLE{ESTEVE_2004,
  author = {J.~Est{\`e}ve and C.~Aussibal and T.~Schumm and C.~Figl and D.~Mailly
	and I.~Bouchoule and C.I.~Westbrook and A.~Aspect},
  journal = {Phys. Rev. A},
  year = {2004},
  volume = {70},
  pages = {043629}
}

@ARTICLE{ESTEVE_2005,
  author = {J.~Est{\`e}ve and T.~Schumm and J.-B.~Trebbia and I.~Bouchoule and
	A.~Aspect and C.I.~Westbrook},
  journal = {Eur. Phys. J. D},
  year = {2005},
  volume = {35},
  pages = {141-146}
}

@ARTICLE{FERMANI_2006,
  author = {R.~Fermani and S.~Scheel and P.L.~Knight},
  journal = {Phys. Rev. A},
  year = {2006},
  volume = {73},
  pages = {032902}
}

@ARTICLE{SupraBc,
  author = {Finnemore, D. K. and Stromberg, T. F. and Swenson, C. A.},
  title = {Superconducting Properties of High-Purity Niobium},
  journal = {Phys. Rev.},
  year = {1966},
  volume = {149},
  pages = {231--243},
  number = {1},
  month = {Sep},
  doi = {10.1103/PhysRev.149.231},
  numpages = {12},
  publisher = {American Physical Society}
}

@ARTICLE{FORTAGH_1998,
  author = {J.~Fort\'agh and A.~Grossmann and C.~Zimmermann and T.W.~Hansch},
  journal = {Phys. Rev. Lett.},
  year = {1998},
  volume = {81},
  pages = {5310-5313}
}

@ARTICLE{FORTAGH_2002,
  author = {Fort\'agh, J. and Ott, H. and Kraft, S. and G\"unther, A. and Zimmermann,
	C. },
  title = {Surface effects in magnetic microtraps},
  journal = {Phys. Rev. A},
  year = {2002},
  volume = {66},
  pages = {041604},
  number = {4},
  month = {Oct},
  doi = {10.1103/PhysRevA.66.041604},
  numpages = {4},
  publisher = {American Physical Society}
}

@ARTICLE{FORTAGH_2003,
  author = {J.~Fort\'agh and H.~Ott and S.~Kraft and A.~Gunther and C.~Zimmermann},
  journal = {Appl. Phys. B},
  year = {2003},
  volume = {76},
  pages = {157-163}
}

@ARTICLE{ZIMMERMANN_REV,
  author = {J.~Fort\'agh and C.~Zimmermann},
  journal = {Rev. Mod. Phys.},
  year = {2007},
  volume = {79},
  pages = {235-283}
}

@ARTICLE{FREEMAN,
  author = {M.R.~Freeman and B.C.~Choi},
  title = {Advances in Magnetic Microscopy},
  journal = {Science},
  year = {2001},
  volume = {294},
  pages = {5546},
  owner = {nous},
  timestamp = {2008.05.28}
}

@ARTICLE{MX_LUKENSCAT00,
  author = {J. R. Friedman and V. Patel and W. Chen and S. K. Tolpygo and J.
	E. Lukens},
  title = {Quantum superposition of distinct macroscopic states},
  journal = nature,
  year = {2000},
  volume = {406},
  pages = {43},
  comment = {\Run{AcroRd32 .\mx\MX_LUKENSCAT00.PDF}[PDF] flux cat at stony brook},
  owner = {nous},
  timestamp = {2008.05.28}
}

@ARTICLE{FROLICH,
  author = {H.~Fr√∂lich},
  journal = {Phys. Rev.},
  year = {1950},
  volume = {79},
  pages = {845}
}

@BOOK{TXT_GALLAGHER,
  title = {Rydberg Atoms},
  publisher = {Cambridge University Press},
  year = {1994},
  author = {T. F. Gallagher},
  address = {Cambridge},
  comment = {All on Rydberg atoms},
  owner = {nous},
  timestamp = {2008.05.28}
}

@ARTICLE{GARFIELD_1997,
  author = {J.R.B.~Garfield},
  journal = {Rev. Sci. Instrum.},
  year = {1997},
  volume = {68},
  pages = {1906}
}

@ARTICLE{GEHM_1998,
  author = {M.E.~Gehm and K.M.~O'Hara and T.A.~Savard and J.E.~Thomas},
  journal = {Phys. Rev. A},
  year = {1998},
  volume = {58},
  pages = {3914}
}

@INCOLLECTION{Gennes,
  author = {P.~Gilles de Gennes},
  title = {Superconductivity of Metals and Alloys},
  publisher = {Benjamin},
  year = {1964}
}

@ARTICLE{GLEYZES,
  author = {S.~Gleyzes and S.~Kuhr and C.~Guerlin and J.~Bernu and S.~Del{\'e}glise
	and U.~Busk~Hoff and M.~Brune and J.-M.~Raimond and S.~Haroche},
  journal = {Nature},
  year = {2007},
  volume = {446},
  pages = {297-300}
}

@ARTICLE{GORTER,
  author = {C.S.~Gorter and H.~Casimir},
  journal = {Z. Phys.},
  year = {1934},
  volume = {35},
  pages = {963}
}

@ARTICLE{GROTH_2004,
  author = {S.~Groth and P.~Kruger and S.~Wildermuth and R.~Folman and T.~Fernholz
	and J.~Schmiedmayer and D.~Mahalu and I.~Bar-Joseph},
  journal = {Appl. Phys. Lett.},
  year = {2004},
  volume = {85},
  pages = {2980}
}

@ARTICLE{GUERLIN,
  author = {C.~Guerlin and J.~Bernu and S.~Del{\'e}glise and C.~Sayrin and S.~Gleyzes
	and S.~Kuhr and M.~Brune and J.-M.~Raimond and S.~Haroche},
  journal = {Nature},
  year = {2007},
  volume = {448},
  pages = {889-893}
}

@ARTICLE{GUNTHER_2007,
  author = {A.~Gunther and S.~Kraft and C.~Zimmermann and J.~Fort\'agh},
  journal = {Phys. Rev. Lett.},
  year = {2007},
  volume = {98},
  pages = {140403}
}

@PHDTHESIS{DGO,
  author = {D.~Gu{\'e}ry-Odelin},
  title = {Dynamique collisionnelle des gaz d'alcalins lourds : du refroidissement
	{\'e}vaporatif {\`a} la condensation de Bose-Einstein},
  school = {Universit{\'e} Paris VI},
  year = {1998},
  type = {Th{\`e}se de doctorat}
}

@PHDTHESIS{Haensel,
  author = {W.~Hansel},
  title = {Magnetische Mikrofallen fur Rubidiumatome},
  school = {Ludwig-Maximilians-Universitat Munchen},
  year = {2000},
  type = {ThËse de doctorat}
}

@ARTICLE{HAENSEL_2001,
  author = {W.~Hansel and P.~Hommelhoff and T.W.~Hansch and J.~Reichel},
  journal = {Nature},
  year = {2001},
  volume = {413},
  pages = {498}
}

@ARTICLE{JakobConvBelt,
  author = {Hansel, W. and Reichel, J. and Hommelhoff, P. and Hansch, T. W.},
  title = {Magnetic Conveyor Belt for Transporting and Merging Trapped Atom
	Clouds},
  journal = {Phys. Rev. Lett.},
  year = {2001},
  volume = {86},
  pages = {608--611},
  number = {4},
  month = {Jan},
  doi = {10.1103/PhysRevLett.86.608},
  numpages = {3},
  owner = {nous},
  publisher = {American Physical Society},
  timestamp = {2008.04.29}
}

@ARTICLE{HARBER_2003,
  author = {D.M.~Harber and J.M.~McGuirk and J.M.~Obrecht and E.A.~Cornell},
  journal = {J. Low. Temp. Phys.},
  year = {2003},
  volume = {133},
  pages = {229}
}

@ARTICLE{HARBER_2005,
  author = {D.M.~Harber and J.M.~Obrecht and J.M.~McGuirk and E.A.~Cornell},
  journal = {Phys. Rev. A},
  year = {2005},
  volume = {72},
  pages = {033610}
}

@INCOLLECTION{ENS_HOUCHES82,
  author = {S. Haroche},
  title = {Rydberg Atoms and Radiation in a Resonant Cavity},
  booktitle = {New Trends in Atomic Physics, Les Houches Summer School Session XXXVIII},
  publisher = {North Holland},
  year = {1984},
  editor = {G. Grynberg and R. Stora},
  pages = {347},
  address = {Amsterdam},
  comment = {First les houches school proceedings; 1982},
  owner = {nous},
  timestamp = {2008.05.23}
}

@ARTICLE{SatAbsHaroche,
  author = {Haroche, Serge and Hartmann, Francis },
  title = {Theory of Saturated-Absorption Line Shapes},
  journal = {Phys. Rev. A},
  year = {1972},
  volume = {6},
  pages = {1280--1300},
  number = {4},
  month = {Oct},
  doi = {10.1103/PhysRevA.6.1280},
  numpages = {20},
  publisher = {American Physical Society}
}

@BOOK{Exploring,
  title = {Exploring the quantum},
  year = {2006},
  author = {S.~Haroche and J.M.~Raimond},
  owner = {nous},
  timestamp = {2008.04.29}
}

@ARTICLE{HS,
  author = {L.C.~Hebel and C.P.~Schlichter},
  journal = {Phys. Rev.},
  year = {1959},
  volume = {113},
  pages = {1504}
}

@ARTICLE{TR_PFAUBLOCKADE07,
  author = {R. Heidemann and U. Raitzsch and V. Bendkowsky and B. Butscher and
	R. Law and L. Santos and T. Pfau},
  title = {Evidence for Coherent Collective Rydberg Excitation in the Strong
	Blockade Regime},
  journal = prl,
  year = {2007},
  volume = {99},
  pages = {163601},
  owner = {nous},
  timestamp = {2008.04.30}
}

@ARTICLE{HENKEL_2005,
  author = {C.~Henkel},
  journal = {Eur. Phys. J. D},
  year = {2005},
  volume = {35},
  pages = {59-67}
}

@INCOLLECTION{HENKEL_HOUCHES,
  author = {C.~Henkel},
  title = {The Physics of Atom-surface interactions},
  publisher = {Advanced School, Les Houches May 2004},
  year = {2004},
  address = {arXiv:physics/0405084 v2}
}

@ARTICLE{HENKEL_2003,
  author = {C.~Henkel and P.~Kr{\¬®u}ger and R.~Folman and J.~Schmiedmayer},
  journal = {Appl. Phys. B},
  year = {2003},
  volume = {76},
  pages = {173-182}
}

@ARTICLE{HENKEL_1999,
  author = {C.~Henkel and S.~Potting and M.~Wilkens},
  journal = {Appl. Phys. B},
  year = {1999},
  volume = {69},
  pages = {379}
}

@ARTICLE{HENKEL_2001,
  author = {C.~Henkel and S.~P√∂tting},
  journal = {Appl. Phys. B},
  year = {2001},
  volume = {72},
  pages = {73}
}

@ARTICLE{HENKEL2,
  author = {C.~Henkel and M.~Wilkens},
  journal = {Europhys. Lett.},
  year = {1999},
  volume = {47},
  pages = {414},
  owner = {nous},
  timestamp = {2008.05.12}
}

@ARTICLE{Hess1986,
  author = {Hess},
  title = {Evaporative cooling of magnetically trapped and compressed spin-polarized
	hydrogen.},
  journal = {Phys Rev Condens Matter},
  year = {1986},
  volume = {34},
  pages = {3476--3479},
  number = {5},
  month = {Sep},
  owner = {nous},
  pmid = {9940095},
  timestamp = {2008.04.24}
}

@ARTICLE{hocquet_92,
  author = {T.~Hocquet and P.~Mathieu and Y.~Simon},
  journal = {Phys. Rev.},
  year = {1992},
  volume = {B46},
  pages = {1061}
}

@ARTICLE{HOHENESTER_2007,
  author = {U.~Hohenester and A.~Eiguren and S.~Scheel and E.A.~Hinds},
  journal = {arXiv:cond-mat/0707.0238v1},
  year = {2007}
}

@ARTICLE{ReichelNJP,
  author = {P.~Hommelhoff and W.~Hansel and T.~Steinmetz and T. W.~Hansch and
	J.~Reichel},
  title = {Transporting, splitting and merging of atomic ensembles in a chip
	trap},
  journal = {New J. Phys},
  year = {2005},
  volume = {7},
  pages = {3},
  owner = {nous},
  timestamp = {2008.04.30}
}

@PHDTHESIS{Hyafil,
  author = {Ph.~Hyafil},
  title = {Vers le pi{\'e}geage d'atomes de Rydberg circulaires},
  school = {Universit{\'e} Paris VI},
  year = {2004},
  type = {Th{\`e}se de doctorat}
}

@ARTICLE{HYAFIL_2004,
  author = {P.~Hyafil and J.~Mozley and A.Perrin and J.~Tailleur and G.~Nogues
	and M.~Brune and J.-M.~Raimond and S.~Haroche},
  journal = {Phys. Rev. Lett.},
  year = {2004},
  volume = {93},
  pages = {103001}
}

@ARTICLE{ENS_RYDBERGTRAP04,
  author = {P. Hyafil and J. Mozley and A. Perrin and J. Tailleur and G. Nogues
	and M. Brune and J.-M. Raimond and S. Haroche},
  title = {Coherence-preserving trap architecture for long-term control of giant
	{R}ydberg atoms},
  journal = prl,
  year = {2004},
  volume = {93},
  pages = {103001},
  comment = {\Run{AcroRd32 .\ens\ENS_RYDBERGTRAP04.PDF}[PDF]},
  owner = {nous},
  timestamp = {2008.04.30}
}

@BOOK{TXT_JACKSON,
  title = {Classical Electrodynamics},
  publisher = {Wiley},
  year = {1975},
  author = {J. D. Jackson},
  address = {New York},
  edition = {2},
  comment = {The Jackson},
  owner = {nous},
  timestamp = {2008.05.21}
}

@ARTICLE{QI_BRIEGELCOLL99,
  author = {D. Jaksch and H.-J. Briegel and J. I. Cirac and C. W. Gardiner and
	P. Zoller},
  title = {Entanglement of Atoms via Cold Controlled Collisions},
  journal = prl,
  year = {1999},
  volume = {82},
  pages = {1975},
  comment = {\Run{AcroRd32 .\qi\QI_BRIEGELCOLL99.PDF}[PDF]},
  owner = {nous},
  timestamp = {2008.05.22}
}

@ARTICLE{JONES_2004,
  author = {M.P.A.~Jones and C.J.~Vale and D.Sahagun, B.V.~Hall and C.C.~Eberlein
	and B.E.~Sauer and K.~Furusawa and D.~Richardson and E.A.~Hinds},
  journal = {J. Phys. B},
  year = {2004},
  volume = {37},
  pages = L15-L20
}

@ARTICLE{JONES_2003,
  author = {M.P.A.~Jones and C.J.~Vale and D.Sahagun, B.V.~Hall and E.A.~Hinds},
  journal = {Phys. Rev. Lett.},
  year = {2003},
  volume = {91},
  pages = {080401}
}

@ARTICLE{JULIENNE,
  author = {P.S~Julienne and F.H.~Mies and E.~Tiesinga and C.J.~Williams},
  journal = {Phys. Rev. Lett.},
  year = {1997},
  volume = {78},
  pages = {1880}
}

@PHDTHESIS{Kaiser,
  author = {R.~Kaiser},
  title = {Manipulation par laser d'He m{\'e}tastable : effet Hanle m{\'e}canique,
	refroidissement sous le recul d'un photon},
  school = {Universit{\'e} Paris VI},
  year = {1990},
  type = {Th{\`e}se de doctorat}
}

@ARTICLE{KETTERLE,
  author = {W.~Ketterle},
  journal = {Rev. Mod. Phys.},
  year = {2002},
  volume = {74},
  pages = {1131-1151}
}

@ARTICLE{KEY,
  author = {M.~Key and I.G.~Hughes and W.~Rooijakers and B.E.~Sauer and E.A.~Hinds
	and D.J.~Richardson and P.G.~Kazansky},
  journal = {Phys. Rev. Lett.},
  year = {2000},
  volume = {84},
  pages = {1371-1373}
}

@ARTICLE{KLEIN,
  author = {O.~Klein and E.J.~Nicol and K.~Holczer and G.~Gr{\¬®u}ner},
  journal = {Phys. Rev. B},
  year = {1994},
  volume = {50},
  pages = {6307}
}

@ARTICLE{KLEINER,
  author = {W.H.~Kleiner and L.M.~Roth and S.H.~Autler},
  journal = {Phys. Rev. A},
  year = {1964},
  volume = {133},
  pages = {1226}
}

@ARTICLE{KOMINIS,
  author = {I.K.~Kominis and T.W.~Kornack and J.C.~Allref and M.V.~Romalis},
  title = {A subfemtotesla multichannel atomic magnetometer},
  journal = {Nature},
  year = {2003},
  volume = {422},
  pages = {6932},
  owner = {nous},
  timestamp = {2008.05.28}
}

@ARTICLE{KRAFT_2002,
  author = {S.~Kraft and A.~Gunther and H.~Ott and C.~Zimmermann and J.~Fortagh},
  journal = {J. Phys. B},
  year = {2002},
  volume = {35},
  pages = L469-L474
}

@ARTICLE{KRUGER_2003,
  author = {P.~Kruger and X.~Luo and M.W.~Klein and K.~Brugger and A.~Haase and
	S.~Wildermuth and S.~Groth and I.~Bar-Joseph and R.~Folman and J.~Schmiedmayer},
  journal = {Phys. Rev. Lett.},
  year = {2003},
  volume = {91},
  pages = {233201}
}

@ARTICLE{GLANDAU,
  author = {L.D.~Landau and V.L.~Ginzburg},
  title = {On the theory of superconductivity},
  journal = {Zh. Eksp. Teor. Fiz},
  year = {1950},
  owner = {nous},
  timestamp = {2008.05.14}
}

@INCOLLECTION{LANDAU,
  author = {L.D.~Landau and E.~Lifchitz},
  title = {Physique Statistique (2\ieme {\'e}dition)},
  publisher = {\'Editions MIR},
  year = {1982}
}

@ARTICLE{LEANHARDT_2002,
  author = {A.E.~Leanhardt and A.P.~Chikkatur and D.~Kielpinski and Y.~Shin and
	T.L.~Gustavson and W.~Ketterle and D.E.~Pritchard},
  journal = {Phys. Rev. Lett.},
  year = {2002},
  volume = {89},
  pages = {040401}
}

@ARTICLE{LEANHARDT_2003,
  author = {A.E.~Leanhardt and Y.~Shin and A.P.~Chikkatur and D.~Kielpinski and
	W.~Ketterle and D.E.~Pritchard},
  journal = {Phys. Rev. Lett.},
  year = {2003},
  volume = {90},
  pages = {100404}
}

@ARTICLE{LETT_1988,
  author = {P.D.~Lett and R.N.~Watts and C.I.~Westbrook and W.D.~Philips},
  journal = {Phys. Rev. Lett.},
  year = {1988},
  volume = {61},
  pages = {169}
}

@ARTICLE{Molasses,
  author = {P. D. Lett and W. D. Phillips and S. L. Rolston and C. E. Tanner
	and R. N. Watts and C. I. Westbrook},
  title = {Optical molasses},
  journal = {J. Opt. Soc. Am. B},
  year = {1989},
  volume = {6},
  pages = {2084},
  number = {11},
  publisher = {OSA},
  url = {http://josab.osa.org/abstract.cfm?URI=josab-6-11-2084}
}

@ARTICLE{LIN_2004,
  author = {Y.-J.~Lin and I.~Teper and C.~Chin and V.~Vuleti\'c},
  journal = {Phys. Rev. Lett.},
  year = {2004},
  volume = {92},
  pages = {050404-1}
}

@ARTICLE{LONDON,
  author = {F.~London and H.~London},
  journal = {Proc. Roy. Soc. Lond.},
  year = {1935},
  volume = {133},
  pages = {497}
}

@ARTICLE{MOT2D,
  author = {Lu, Z. T. and Corwin, K. L. and Renn, M. J. and Anderson, M. H. and
	Cornell, E. A. and Wieman, C. E.},
  title = {Low-Velocity Intense Source of Atoms from a Magneto-optical Trap},
  journal = {Phys. Rev. Lett.},
  year = {1996},
  volume = {77},
  pages = {3331--3334},
  number = {16},
  month = {Oct},
  doi = {10.1103/PhysRevLett.77.3331},
  numpages = {3},
  publisher = {American Physical Society}
}

@ARTICLE{LUKIN,
  author = {M.D.~Lukin and M.~Fleishhauer and R.~C√¥t{\'e} and L.M.~Duan and
	D.~Jacksch and J.I.~Cirac and P.~Zoller},
  journal = {Phys. Rev. Lett.},
  year = {2001},
  volume = {87},
  pages = {037901}
}

@ARTICLE{Lutke,
  author = {N.~Lutke-Entrup and B.~PlaÁais and P.~Mathieu and Y.~Simon},
  title = {Ancrage des vortex dans les supraconducteurs},
  journal = {Annales de Physique N$^\circ$4 Vol.25},
  year = {2000}
}

@ARTICLE{ENTRUPPHYSICAB,
  author = {N.~Lutke-Entrup and B.~PlaÁais and P.~Mathieu and Y.~Simon},
  title = {RF-studies of vortex dynamics in isotropic type-II superconductors},
  journal = {Physica B},
  year = {1998},
  volume = {255},
  pages = {75-85},
  owner = {nous},
  timestamp = {2008.05.14}
}

@ARTICLE{MATHIEU,
  author = {P.~Mathieu and Y.~Simon},
  journal = {Europhys. Lett.},
  year = {1988},
  volume = {5},
  pages = {67}
}

@ARTICLE{ms_88,
  author = {P.~Mathieu and Y.~Simon},
  journal = {Europhys. Lett.},
  year = {1988},
  volume = {5},
  pages = {67}
}

@ARTICLE{MATTIS,
  author = {D.C.~Mattis and J.~Bardeen},
  journal = {Phys. Rev.},
  year = {1958},
  volume = {111},
  pages = {412}
}

@ARTICLE{MCGUIRK_2004,
  author = {J.M.~McGuirk and D.M.~Harber and J.M.~Obrecht and E.A.~Cornell},
  title = {Alkali-metal adsorbate polarization on conducting and insulating
	surfaces probed with Bose-Einstein condensates},
  journal = {Phys. Rev. A},
  year = {2004},
  volume = {69},
  pages = {062905}
}

@ARTICLE{MCMILLAN,
  author = {T.~McMillan and P.~Taborek and J.E.~Rutledge},
  journal = {Rev. Sci. Instrum.},
  year = {2004},
  volume = {75},
  pages = {5005}
}

@INCOLLECTION{Metcalf,
  author = {H.J.~Metcalf},
  title = {Laser cooling and trapping},
  publisher = {Springer},
  year = {2002}
}

@PHDTHESIS{Meunier,
  author = {T.~Meunier},
  title = {Oscillations de Rabi induites par un renversement du temps : un test
	de la coh{\'e}rence d'une superposition quantique m{\'e}soscopique},
  school = {Universit{\'e} Paris VI},
  year = {2004},
  type = {Th{\`e}se de doctorat}
}

@PHDTHESIS{Mozley,
  author = {J.~Mozley},
  title = {Micropi{\'e}geage des atomes de Rubidium dans un environnement cryog{\'e}nique},
  school = {Universit{\'e} Paris VI},
  year = {2004},
  type = {Th{\`e}se de doctorat}
}

@ARTICLE{ENS_EPJDTRAP,
  author = {J. Mozley and P. Hyafil and G. Nogues and M. Brune and J.-M. Raimond
	and S. Haroche},
  title = {Traping and coherent manipulation of a {R}ydberg atom on a microfabricated
	device: a proposal},
  journal = {Eur. Phys. J. D},
  year = {2005},
  volume = {35},
  pages = {45},
  comment = {\Run{AcroRd32 .\ens\ENS_EPJDTRAP.PDF}[PDF]},
  owner = {nous},
  timestamp = {2008.04.30}
}

@ARTICLE{MOZLEY_2005,
  author = {J.~Mozley and P.~Hyafil and G.~Nogues and M.~Brune and J.-M.~Raimond
	and S.~Haroche},
  journal = {Eur. Phys. J. D},
  year = {2005},
  volume = {35},
  pages = {43-58}
}

@ARTICLE{SHIMIZU,
  author = {T.~Mukai and C.~Hufnagel and A.~Kasper and T.~Meno and A.~Tsukada
	and K.~Semba and F.~Shimizu},
  journal = {Phys. Rev. Lett.},
  year = {2007},
  volume = {98},
  pages = {260407}
}

@ARTICLE{MULLER_1999,
  author = {D.~Muller and D.Z.~Anderson and R.J.~Grow and P.D.D.~Schwindt and
	E.A.~Cornell},
  journal = {Phys. Rev. Lett.},
  year = {1999},
  volume = {83},
  pages = {5194-5197}
}

@INCOLLECTION{NIETO,
  author = {M.~Nieto-Vesperinas},
  title = {Scattering and diffraction in physical optics},
  publisher = {World Scientific},
  year = {2006}
}

@PHDTHESIS{Thomas,
  author = {T.~Nirrengarten},
  title = {PiÈgeage magnÈtique d'atomes de Rubidium au voisinage d'une surface
	supraconductrice.},
  school = {Universit{\'e} Paris VI},
  year = {2007},
  type = {Th{\`e}se de doctorat}
}

@ARTICLE{NIRRENGARTEN,
  author = {T.~Nirrengarten and A.~Qarry and C.~Roux and A.~Emmert and G.~Nogues
	and M.~Brune and J.-M.~Raimond and S.~Haroche},
  journal = {Phys. Rev. Lett.},
  year = {2006},
  volume = {97},
  pages = {200405}
}

@ARTICLE{NYQUIST,
  author = {H.~Nyquist},
  journal = {Phys. Rev.},
  year = {1928},
  volume = {32},
  pages = {110}
}

@INCOLLECTION{Usersguide,
  author = {J.~F.~O'Hanlon},
  title = {A User's Guide to Vacuum Technology (3rd edition)},
  publisher = {John Wiley \& Sons},
  year = {2003}
}

@ARTICLE{OTT_2001,
  author = {H.~Ott and J.~Fort\'agh and G.~Schlotterbeck and A.~Grossmann and
	C.~Zimmermann},
  journal = {Phys. Rev. Lett.},
  year = {2001},
  volume = {87},
  pages = {230401}
}

@ARTICLE{TR_ZIMMERMANNBECCHIP01,
  author = {H. Ott and J. Fort{\'a}gh and G. Schlotterbeck and A. Grossmann and
	C. Zimmermann},
  title = {Bose-Einstein Condensation in a Surface Microtrap},
  journal = {Phys. Rev. Lett},
  year = {2001},
  volume = {87},
  pages = {230401},
  comment = {\Run{AcroRd32 .\mx\MX_ZIMMERMANNBECCHIP01.PDF}[PDF] The first condensate},
  owner = {nous},
  timestamp = {2008.04.30}
}

@ARTICLE{PEROZ,
  author = {C.~Peroz and C.~Cillard},
  title = {Flux flow properties of niobium thin films in clean and dirty superconducting
	limits},
  journal = {Phys. Rev. B},
  year = {2005},
  volume = {72},
  pages = {014515},
  owner = {nous},
  timestamp = {2008.05.15}
}

@INCOLLECTION{PETHICK_SMITH,
  author = {C.J.~Pethick and H.~Smith},
  title = {Bose-Einstein Condensation in dilute gases},
  publisher = {Cambridge University Press},
  year = {2004},
  address = {Cambridge (UK)}
}

@ARTICLE{PETRICH_1994,
  author = {W.~Petrich and M.H.~Anderson and J.R.~Ensher and E.A.~Cornell},
  journal = {J. Opt. Soc. Am.},
  year = {1994},
  volume = B11,
  pages = {1332-}
}

@BOOK{TXT_STRINGARI,
  title = {{B}ose--{E}instein condensation},
  publisher = {Oxford University Press},
  year = {2003},
  author = {L. P. Pitaevskii and S. Stringari},
  address = {Oxford},
  owner = {nous},
  timestamp = {2008.04.24}
}

@ARTICLE{PLACAISPRB,
  author = {Pla\ifmmode \mbox{\c{c}}\else \c{c}\fi{}ais, B. and Mathieu, P. and
	Simon, Y. and Sonin, E. B. and Traito, K. B.},
  title = {Continuum electrodynamics of type-II superconductors in the mixed
	state: The dc and ac response},
  journal = {Phys. Rev. B},
  year = {1996},
  volume = {54},
  pages = {13083--13096},
  number = {18},
  month = {Nov},
  doi = {10.1103/PhysRevB.54.13083},
  numpages = {13},
  publisher = {American Physical Society}
}

@ARTICLE{PLACAISSOLIDDTATECOMMUN,
  author = {B.~PlaÁais and P.~Mathieu and Y.~Simon},
  journal = {Solid State Communications},
  year = {1989},
  volume = {71},
  pages = {17},
  owner = {nous},
  timestamp = {2008.05.15}
}

@ARTICLE{POPPE,
  author = {U.~Poppe and M.I.~Faley and E.~Zimmermann and W.~Glaas and I.~Breunig
	and R.~Speen and B.~Jungbluth and H.~Soltner and H.~Halling and K.~Urban},
  title = {High temperature superconductor dc-SQUID microscope with a soft magnetic
	flux guide},
  journal = {Supercond. Sci. Technol.},
  year = {2004},
  volume = {17},
  pages = {191},
  owner = {nous},
  timestamp = {2008.05.28}
}

@ARTICLE{ReichelAPB,
  author = {J.~Reichel},
  journal = {Appl. Phys. B},
  year = {2002},
  volume = {74},
  pages = {469},
  owner = {nous},
  timestamp = {2008.04.30}
}

@ARTICLE{REICHEL_1999,
  author = {J.~Reichel and W.~Hansel and T.W.~Hansch},
  journal = {Phys. Rev. Lett.},
  year = {1999},
  volume = {83},
  pages = {3398}
}

@ARTICLE{REICHEL_2001,
  author = {J.~Reichel and W.~Hansel and P.~Hommelhoff and T.W.~Hansch},
  journal = {Appl. Phys. B},
  year = {2001},
  volume = {72},
  pages = {81-89}
}

@ARTICLE{pop0050,
  author = {G.~Reinaudi and T.~Lahaye and Z.~Wang and D.~GuÈry-Odelin},
  title = {Strong saturation absorption imaging of dense clouds of ultracold
	atoms},
  journal = {Optics Letters},
  year = {2007},
  owner = {nous},
  publisher = {OSA},
  timestamp = {2008.04.30},
  url = {http://www.opticsinfobase.org/abstract.cfm?URI=ol-32-21-3143}
}

@ARTICLE{REKDAL_2004,
  author = {P.K.~Rekdal and S.~Scheel and P.L.~Knight and E.A.~Hinds},
  journal = {Phys. Rev. A},
  year = {2004},
  volume = {70},
  pages = {013811}
}

@ARTICLE{Hanle,
  author = {Renzoni, F. and Cartaleva, S. and Alzetta, G. and Arimondo, E. },
  title = {Enhanced absorption Hanle effect in the configuration of crossed
	laser beam and magnetic field},
  journal = {Phys. Rev. A},
  year = {2001},
  volume = {63},
  pages = {065401},
  number = {6},
  month = {May},
  doi = {10.1103/PhysRevA.63.065401},
  numpages = {4},
  publisher = {American Physical Society}
}

@ARTICLE{EPL-Roux,
  author = {C. Roux and A. Emmert and A. Lupascu and T. Nirrengarten and G. Nogues
	and M. Brune and J.-M. Raimond and S. Haroche},
  journal = {Europhysics Letters},
  year = {2008},
  volume = {81},
  pages = {56004 (6pp)},
  url = {http://stacks.iop.org/0295-5075/81/56004}
}

@ARTICLE{SAFFMAN,
  author = {M.~Saffman and T.G.~Walker},
  journal = {Phys. Rev. A},
  year = {2002},
  volume = {66},
  pages = {065403}
}

@ARTICLE{TR_SAFFMANN02,
  author = {M. Saffman and T. G. Walker},
  title = {Creating single-atom and single-photon sources from entangled atomic
	ensembles},
  journal = pra,
  year = {2002},
  volume = {66},
  pages = {065403},
  owner = {nous},
  timestamp = {2008.04.30}
}

@ARTICLE{SCHEEL_COMMENT,
  author = {S.~Scheel and E.A.~Hinds and P.L.~Knight},
  journal = {arXiv:quant-ph/0610095},
  year = {2007}
}

@ARTICLE{SCHEEL_1999,
  author = {S.~Scheel and L.~Knoll and D.-G.~Welsch and S.M.~Barnett},
  journal = {Phys. Rev. A},
  year = {1999},
  volume = {60},
  pages = {1590},
  owner = {nous},
  timestamp = {2008.05.13}
}

@ARTICLE{SCHEEL_2005,
  author = {S.~Scheel and P.K.~Rekdal and P.L.~Knight and E.A.~Hinds},
  journal = {Phys. Rev. A},
  year = {2005},
  volume = {72},
  pages = {042901}
}

@INCOLLECTION{SCHEEL_2000,
  author = {S.~Scheel and D.-G.~Welsch},
  title = {Interaction of the quantized electromagnetic field with atoms in
	the presence of dispersing and absorbing dielectric bodies},
  year = {2000},
  address = {arXiv:quant-ph/0006025v1}
}

@ARTICLE{SCHUMM_2005,
  author = {T.~Schumm and J.~Est{\`e}ve and C.~Figl and J.-B.~Trebbia and C.~Aussibal
	and H.~Nguyen and D.~Mailly and I.~Bouchoule and C.I.~Westbrook and
	A.~Aspect},
  journal = {Eur. Phys. J. D},
  year = {2005},
  volume = {32},
  pages = {171-180}
}

@ARTICLE{SCHUMM_SCHMIEDMAYER_2005,
  author = {T.~Schumm and S.~Hofferberth and L.M.~Andersson and S.~Wildermuth
	and S.~Groth and I.~Bar-Joseph and J.~Schmiedmayer and P.~Kruger},
  journal = {Nat. Phys.},
  year = {2005},
  volume = {1},
  pages = {57-62}
}

@ARTICLE{QI_SCHOELKOPFSHIFTS05,
  author = {D. I. Schuster and A. Wallraff and A. Blais and L. Frunzio and R.-S.
	Huang and J. Majer and S. M. Girvin and R. J. Schoelkopf},
  title = {ac Stark Shift and Dephasing of a Superconducting Qubit Strongly
	Coupled to a Cavity Field},
  journal = prl,
  year = {2005},
  volume = {94},
  pages = {123602},
  owner = {nous},
  timestamp = {2008.05.28}
}

@ARTICLE{SCHWINGER_1937,
  author = {J.~Schwinger},
  journal = {Phys. Rev.},
  year = {1937},
  volume = {51},
  pages = {648}
}

@ARTICLE{SHIN_2005,
  author = {Y.~Shin and C.~Sanner and G.B.-Jo and T.A.~Pasquini and M.~Saba and
	W.~Ketterle and D.E.~Pritchard},
  journal = {Phys. Rev. A},
  year = {2005},
  volume = {72},
  pages = {021604}
}

@ARTICLE{pop0022,
  author = {Y~Shin and A~Schirotzek and MW~Zwierlein and W.~Ketterle},
  title = {Pairing Without Superfluidity: The Ground State of an Imbalanced
	Fermi Mixture},
  journal = {Science},
  year = {2007},
  note = {21 cites: http://scholar.google.com/scholar?num=100\&hl=en\&lr=\&cites=15032276671248647731},
  owner = {nous},
  publisher = {sciencemag.org},
  timestamp = {2008.04.30},
  url = {http://www.sciencemag.org/cgi/content/abstract/sci;316/5826/867}
}

@ARTICLE{SIDLES_2003,
  author = {J.A.~Sidles and J.L.~Garbini and W.M.~Dougherty and S.H.~Chao},
  journal = {Proc IEEE},
  year = {2003},
  volume = {91},
  pages = {799}
}

@ARTICLE{TR_WEIDEMULLERDENSE04,
  author = {K. Singer and M. Reetz-Lamour and T. Amthor and L. G. Marcassa and
	M. Weidem{\"u}ller},
  title = {Suppression of Excitation and Spectral Broadening Induced by Interactions
	in a Cold Gas of Rydberg Atoms},
  journal = prl,
  year = {2004},
  volume = {93},
  pages = {163001},
  comment = {\Run{AcroRd32 .\mx\MX_WEIDEMULLERDENSE04.PDF}[PDF]},
  owner = {nous},
  timestamp = {2008.04.30}
}

@ARTICLE{SINGH,
  author = {M.~Singh},
  title = {Macroscopic entanglement of a Bose-Einstein condensate on a superconducting
	atom chip},
  journal = {ArXiv 0709.0352},
  year = {2007},
  owner = {nous},
  timestamp = {2008.05.28}
}

@ARTICLE{SKAGERSTAM_COMMENT,
  author = {B.S.~Skagerstam and U.~Hohenester and A.~Eiguren and P.K.~Rekdal},
  journal = {arXiv:quant-ph/061025},
  year = {2007}
}

@ARTICLE{REKDAL_2006,
  author = {B.-S.K.~Skagerstam and U.~Hohenester and A.~Eiguren and P.K.~Rekdal},
  journal = {Phys. Rev. Lett.},
  year = {2006},
  volume = {97},
  pages = {070401}
}

@ARTICLE{SONIN,
  author = {Sonin, E. B. and Tagantsev, A. K. and Traito, K. B.},
  title = {Two-mode electrodynamics of superconductors in the mixed state},
  journal = {Phys. Rev. B},
  year = {1992},
  volume = {46},
  pages = {5830--5832},
  number = {9},
  month = {Sep},
  doi = {10.1103/PhysRevB.46.5830},
  numpages = {2},
  publisher = {American Physical Society}
}

@ARTICLE{QI_LUKINTWORYDBERG04,
  author = {A. S. Sorensen and C. H. {van der Wal} and L. I. Childress and M.
	D. Lukin},
  title = {Capacitive Coupling of Atomic Systems to Mesoscopic Conductors},
  journal = prl,
  year = {2004},
  volume = {92},
  pages = {063601},
  comment = {\Run{AcroRd32 .\qi\QI_LUKINTWORYDBERG04.PDF}[PDF] },
  owner = {nous},
  timestamp = {2008.05.28}
}

@ARTICLE{SODING_1999,
  author = {J.~S√∂ding and D.~Gu{\'e}ry-Odelin and P.~Desbiolles and F.~Chevy
	and H.~Inamori and J.~Dalibard},
  journal = {Appl. Phys. B},
  year = {1999},
  volume = {69},
  pages = {257-261}
}

@INCOLLECTION{Tinkham,
  author = {M.~Tinkham},
  title = {Introduction to Superconductivity, 2nd edition},
  publisher = {McGraw-Hill},
  year = {1996},
  address = {New-York}
}

@ARTICLE{TINKHAMFLUXFLOW,
  author = {Tinkham, M. },
  title = {Viscous Flow of Flux in Type-ii Superconductors},
  journal = {Phys. Rev. Lett.},
  year = {1964},
  volume = {13},
  pages = {804--807},
  number = {26},
  month = {Dec},
  doi = {10.1103/PhysRevLett.13.804},
  numpages = {3},
  publisher = {American Physical Society}
}

@ARTICLE{TR_EYLERBLOCKADE04,
  author = {D. Tong and S. M. Farooqi and J. Stanojevic and S. Krishnan and Y.
	P. Zhang and R. Cot{\'e} and E. E. Eyler and P. L. Gould},
  title = {Local Blockade of Rydberg Excitation in an Ultracold Gas},
  journal = prl,
  year = {2004},
  volume = {93},
  pages = {063001},
  comment = {\Run{AcroRd32 .\mx\MX_EYLERBLOCKADE04.PDF}[PDF]},
  owner = {nous},
  timestamp = {2008.04.30}
}

@ARTICLE{PSDMOT,
  author = {Townsend, C. G. and Edwards, N. H. and Cooper, C. J. and Zetie, K.
	P. and Foot, C. J. and Steane, A. M. and Szriftgiser, P. and Perrin,
	H. and Dalibard, J. },
  title = {Phase-space density in the magneto-optical trap},
  journal = {Phys. Rev. A},
  year = {1995},
  volume = {52},
  pages = {1423--1440},
  number = {2},
  month = {Aug},
  doi = {10.1103/PhysRevA.52.1423},
  numpages = {17},
  publisher = {American Physical Society}
}

@ARTICLE{TREBBIA_2007,
  author = {J.-B.~Trebbia and C.L.~Garrido~Alzar and R.~Cornelussen and C.I.~Westbrook
	and I.~Bouchoule},
  journal = {Phys. Rev. Lett},
  year = {2007},
  volume = {98},
  pages = {263201}
}

@ARTICLE{TREUTLEIN,
  author = {Ph.~Treutlein and P.~Hommelhoff and T.~Steinmetz and T.W.~Hansch
	and J.~Reichel},
  journal = {Phys. Rev. Lett.},
  year = {2004},
  volume = {92},
  pages = {203005}
}

@ARTICLE{REICHELNANO,
  author = {P.~Treutlein and D.~Hunger and S.~Camerer and T. W.~Hansch and J.~Reichel},
  title = {Bose-Einstein Condensate Coupled to a Nanomechanical Resonator on
	an Atom Chip},
  journal = {Phys. Rev. Lett.},
  year = {2007},
  volume = {99},
  pages = {140403},
  owner = {nous},
  timestamp = {2008.05.22}
}

@ARTICLE{TRUPKE_2005,
  author = {M.~Trupke and J.~Goldwin and B.~Darqui{\'e} and G.~Dutier and S.~Eriksson
	and J.~Ashmore and E.A.~Hinds},
  journal = {Phys. Rev. Lett.},
  year = {2005},
  volume = {99},
  pages = {063601}
}

@ARTICLE{VALATIN_1958,
  author = {G.~Valatin},
  journal = {Nuovo Cimento},
  year = {1958},
  volume = {7},
  pages = {843}
}

@ARTICLE{VALE_2004,
  author = {C.J.~Vale and B.~Upcroft and M.J.~Davis and N.R.~Heckenberg and H.~Rubinsztein-Dunlop},
  journal = {arXiv:cond-mat/0406015v1},
  year = {2004}
}

@ARTICLE{VARPOULA_1983,
  author = {T.~Varpoula and T.~Poutanen},
  journal = {J. Appl. Phys.},
  year = {1983},
  volume = {55},
  pages = {4015}
}

@ARTICLE{VOGEL,
  author = {J.M.~Vogel and C.C.~Tsai and R.S.~Freeland and S.J.J.M.F.~Kokkelmans
	and B.J.~Verhaar and D.J.~Heinzen},
  journal = {Phys. Rev. A},
  year = {1997},
  volume = {56},
  pages = {1067}
}

@ARTICLE{TR_PILLETBLOCKADE06,
  author = {T. Vogt and M. Viteau and J. Zhao and A. Chotia and D. Comparat and
	P. Pillet},
  title = {Dipole Blockade at Forster Resonances in High Resolution Laser Excitation
	of Rydberg States of Cesium Atoms},
  journal = prl,
  year = {2006},
  volume = {97},
  pages = {083003},
  owner = {nous},
  timestamp = {2008.04.30}
}

@ARTICLE{VULETIC,
  author = {V.~Vuletic and T.~Fischer and M.~Praeger and T.W.~Hansch},
  journal = {Phys. Rev. Lett.},
  year = {1998},
  volume = {80},
  pages = {1634-1637}
}

@ARTICLE{WANG_2004,
  author = {D.-W.~Wang and M.D.~Lukin and E.~Demler},
  journal = {Phys. Rev. Lett.},
  year = {2004},
  volume = {92},
  pages = {076802}
}

@ARTICLE{WANG_2005,
  author = {Y.-J.~Wang and D.Z.~Anderson and V.M.Bright and E.A.~Cornell and
	Q.~diot and T.~Kishimoto and M.~Prentiss and R.A.~Saravanan and S.R.~Segal
	and S.~Wu},
  journal = {Phys. Rev. Lett.},
  year = {2005},
  volume = {94},
  pages = {090405}
}

@ARTICLE{WEINSTEIN,
  author = {J.D.~Weinstein and K.G.~Libbrecht},
  journal = {Phys. Rev. A},
  year = {1995},
  volume = {52},
  pages = {4004-4009}
}

@ARTICLE{WHITLOCK,
  author = {S.~Whitlock and B.V.~Hall and T.~Roach and R.~Anderson and P.~Hannaford
	and A.I.~Sidorov},
  journal = {Phys. Rev. A},
  year = {2006},
  volume = {75},
  pages = {043602}
}

@ARTICLE{WILDERMUTH_2005,
  author = {S.~Wildermuth and S.~Hofferberth and I.~Lesanovsky and E.~Haller
	and L.~Mauritz~Andersson and S.~Groth and I.~Bar-Joseph and P.~Kruger
	and J.~Schmiedmayer},
  title = {Microscopic magnetic-field imaging},
  journal = {Nature},
  year = {2005},
  volume = {435},
  pages = {440}
}

@ARTICLE{WILDERMUTH_2004,
  author = {S.~Wildermuth and P.~Kr{\¬®u}ger and C.~Becker and M.~Brajdic and
	S.~Haupt and A.~Kasper and R.~Folman and J.~Schmiedmayer},
  journal = {Phys. Rev. A},
  year = {2004},
  volume = {69},
  pages = {030901}
}

@ARTICLE{WILLIAMSON,
  author = {S.J.~Williamson},
  journal = {Phys. Rev. B},
  year = {1970},
  volume = {2},
  pages = {3545}
}

@ARTICLE{WYLIE_1984,
  author = {J.M.~Wylie and J.E.~Sipe},
  journal = {Phys. Rev. A},
  year = {1984},
  volume = {30},
  pages = {1185}
}

@MISC{atomtraps,
  note = {\url{http://www.uibk.ac.at/exphys/ultracold/atomtraps.html}}
}

@MISC{RBNUMBERS,
  note = {\url{http://george.ph.utexas.edu/~dsteck/alkalidata/rubidium87numbers.pdf}
	
	}
}

